<record><leader>00000cas a2200000 a 4500</leader><controlfield tag="001">31271760</controlfield><controlfield tag="008">941012d19761983ilucr ne      0    0eng c</controlfield><datafield ind1=" " ind2=" " tag="010"><subfield code="a">sn 94060684 </subfield></datafield><datafield ind1=" " ind2=" " tag="040"><subfield code="a">NVF</subfield><subfield code="b">eng</subfield><subfield code="c">NVF</subfield><subfield code="d">CVF</subfield><subfield code="d">NVF</subfield><subfield code="d">OCLCQ</subfield><subfield code="d">OCLCF</subfield><subfield code="d">OCLCO</subfield></datafield><datafield ind1="1" ind2=" " tag="029"><subfield code="a">AU@</subfield><subfield code="b">000011305877</subfield></datafield><datafield ind1=" " ind2=" " tag="042"><subfield code="a">pcc</subfield></datafield><datafield ind1=" " ind2=" " tag="043"><subfield code="a">n-us-il</subfield></datafield><datafield ind1="0" ind2="0" tag="245"><subfield code="a">Tinley Park star/herald.</subfield></datafield><datafield ind1="3" ind2="0" tag="246"><subfield code="a">Star/herald</subfield></datafield><datafield ind1=" " ind2=" " tag="260"><subfield code="a">Tinley Park, Ill. :</subfield><subfield code="b">Williams Press,</subfield><subfield code="c">1976-1983.</subfield></datafield><datafield ind1=" " ind2=" " tag="300"><subfield code="a">v.</subfield></datafield><datafield ind1=" " ind2=" " tag="310"><subfield code="a">Semiweekly</subfield></datafield><datafield ind1="0" ind2=" " tag="362"><subfield code="a">Vol. 4, no. 54 (Jan. 8, 1976)-v. 12, no. 32 (Oct. 13, 1983).</subfield></datafield><datafield ind1=" " ind2=" " tag="500"><subfield code="a">Also published in Oak Forest and Chicago Heights, Ill.</subfield></datafield><datafield ind1=" " ind2=" " tag="580"><subfield code="a">Formed by the union of: Tinley Park times herald, and: Tinley Park star/tribune.</subfield></datafield><datafield ind1=" " ind2="0" tag="651"><subfield code="a">Tinley Park (Ill.)</subfield><subfield code="v">Newspapers.</subfield></datafield><datafield ind1=" " ind2="7" tag="655"><subfield code="a">Newspapers.</subfield><subfield code="2">fast</subfield><subfield code="0">(OCoLC)fst01423814</subfield></datafield><datafield ind1=" " ind2="7" tag="651"><subfield code="a">Illinois</subfield><subfield code="z">Tinley Park.</subfield><subfield code="2">fast</subfield><subfield code="0">(OCoLC)fst01238233</subfield></datafield><datafield ind1=" " ind2=" " tag="752"><subfield code="a">United States</subfield><subfield code="b">Illinois</subfield><subfield code="c">Cook</subfield><subfield code="d">Tinley Park.</subfield></datafield><datafield ind1=" " ind2=" " tag="752"><subfield code="a">United States</subfield><subfield code="b">Illinois</subfield><subfield code="c">Cook</subfield><subfield code="d">Oak Forest.</subfield></datafield><datafield ind1=" " ind2=" " tag="752"><subfield code="a">United States</subfield><subfield code="b">Illinois</subfield><subfield code="c">Cook</subfield><subfield code="d">Chicago Heights.</subfield></datafield><datafield ind1="1" ind2="4" tag="780"><subfield code="t">Tinley Park times herald</subfield><subfield code="w">(DLC)sn 94060682</subfield><subfield code="w">(OCoLC)31271505</subfield></datafield><datafield ind1="1" ind2="4" tag="780"><subfield code="t">Tinley Park star/tribune</subfield><subfield code="w">(DLC)sn 94060683</subfield><subfield code="w">(OCoLC)31271730</subfield></datafield><datafield ind1="0" ind2="0" tag="785"><subfield code="t">Star (Tinley Park, Ill. : Tinley Park ed.)</subfield><subfield code="w">(DLC)sn 83003568</subfield><subfield code="w">(OCoLC)10149742</subfield></datafield></record>